<?xml version="1.0" encoding="UTF-8"?><record xmlns="http://www.loc.gov/MARC21/slim" xmlns:cinclude="http://apache.org/cocoon/include/1.0" xmlns:zs="http://www.loc.gov/zing/srw/">
  <leader>00556cz  a2200133n  4500</leader>
  <controlfield tag="001">no2007034903</controlfield>
  <controlfield tag="003">DLC</controlfield>
  <controlfield tag="005">20070522075112.0</controlfield>
  <controlfield tag="008">070329n| acannaabn          |n aaa     c</controlfield>
  <datafield tag="010" ind1=" " ind2=" ">
    <subfield code="a">no2007034903</subfield>
  </datafield>
  <datafield tag="035" ind1=" " ind2=" ">
    <subfield code="a">(OCoLC)oca07369358</subfield>
  </datafield>
  <datafield tag="040" ind1=" " ind2=" ">
    <subfield code="a">NcD</subfield>
    <subfield code="b">eng</subfield>
    <subfield code="c">NcD</subfield>
  </datafield>
  <datafield tag="100" ind1="1" ind2=" ">
    <subfield code="a">Lilja, Sara</subfield>
  </datafield>
  <datafield tag="670" ind1=" " ind2=" ">
    <subfield code="a">Gender-related terms in English depositions, examinations and journals, 1670-1720, 2007:</subfield>
    <subfield code="b">t.p. (Sara Lilja) t.p. verso (Thesis(Ph.D.) in Philosophy from the Uppsala Universtet in Uppsala, Sweden in Mar. 2007; currently teaching in the Dept of English at Uppsala Univ.)</subfield>
  </datafield>
</record>